% Encoding: UTF-8

@Manual{rh,
  author = {{AirSpayce Pty Ltd}},
  title = {RadioHead Packet Radio library for embedded microprocessors},
  url = {http://www.airspayce.com/mikem/arduino/RadioHead/},
  urldate = {2020-08-19},
  originalyear  = {2014-04-12}
}
@Manual{lowpower,
  author = {{Rocket Scream Electronics}},
  title = {Low-Power},
  url = {https://github.com/rocketscream/Low-Power},
  urldate = {2020-09-17},
  originalyear  = {2014-04-12}
}